<?xml version="1.0" encoding="UTF-8"?><record xmlns="http://www.loc.gov/MARC21/slim" xmlns:cinclude="http://apache.org/cocoon/include/1.0" xmlns:zs="http://www.loc.gov/zing/srw/">
  <leader>00328nz  a2200121n  4500</leader>
  <controlfield tag="001">nb 98088790 </controlfield>
  <controlfield tag="003">DLC</controlfield>
  <controlfield tag="005">19981110054101.9</controlfield>
  <controlfield tag="008">981109n| acannaab|          |n aaa     c</controlfield>
  <datafield tag="010" ind1=" " ind2=" ">
    <subfield code="a">nb 98088790 </subfield>
  </datafield>
  <datafield tag="040" ind1=" " ind2=" ">
    <subfield code="a">Uk</subfield>
    <subfield code="c">Uk</subfield>
  </datafield>
  <datafield tag="100" ind1="1" ind2="0">
    <subfield code="a">Velloso, Lycurgo</subfield>
  </datafield>
  <datafield tag="670" ind1=" " ind2=" ">
    <subfield code="a">Legislação açucareira e alcooleira, 1955-:</subfield>
    <subfield code="b">v.1, t.p. (Lycurgo Velloso)</subfield>
  </datafield>
</record>